<?xml version="1.0" encoding="UTF-8"?><collection xmlns="http://www.loc.gov/MARC21/slim"><record><leader>00657nam--2200193-u-4500</leader><controlfield tag="001">000054211</controlfield><controlfield tag="002">20161230</controlfield><controlfield tag="005">20161230201051</controlfield><controlfield tag="008">110916s1000------------r-----000-0-eng-d</controlfield><datafield ind1=" " ind2=" " tag="020"><subfield code="a">0920622089</subfield></datafield><datafield ind1=" " ind2=" " tag="040"><subfield code="a">IFIN-HH</subfield></datafield><datafield ind1=" " ind2=" " tag="080"><subfield code="a">535.82:53(082.2)</subfield></datafield><datafield ind1="1" ind2=" " tag="100"><subfield code="a">Sturgess, J.M</subfield></datafield><datafield ind1="1" ind2="0" tag="245"><subfield code="a">Electron microscopy 1978</subfield><subfield code="b">Papers presented at the ninth international congress on electron microscopy held in toronto, canada, august 1-9, 1978</subfield><subfield code="h">J.m. sturgess</subfield></datafield><datafield ind1=" " ind2=" " tag="260"><subfield code="a">Toronto, Ontario</subfield><subfield code="b">The Imperial Pree Ltd</subfield><subfield code="c">1978</subfield></datafield><datafield ind1=" " ind2=" " tag="300"><subfield code="a">3 VOLUME</subfield></datafield><datafield ind1="1" ind2=" " tag="787"><subfield code="a">Volume Iii</subfield><subfield code="h">699p</subfield><subfield code="t">State Of The Art Symposia</subfield></datafield><datafield ind1=" " ind2=" " tag="852"><subfield code="a">81209</subfield><subfield code="c">537.533.35</subfield></datafield><datafield ind1=" " ind2=" " tag="CAT"><subfield code="a">Sys</subfield><subfield code="c">20110916</subfield><subfield code="h">120141</subfield></datafield></record></collection>